@Manual{ngram,
  title = {ngram: Fast n-gram Tokenization},
  author = {Drew Schmidt and Christian Heckendorf},
  note = {R package version 2.0},
  url = {https://github.com/wrathematics/ngram},
}

@Manual{tau,
  title = {tau: Text Analysis Utilities},
  author = {Christian Buchta and Kurt Hornik and Ingo Feinerer and David Meyer},
  year = {2015},
  note = {R package version 0.0-18},
  url = {http://CRAN.R-project.org/package=tau},
}
